<?xml version="1.0" encoding="UTF-8"?><record xmlns="http://www.loc.gov/MARC21/slim" xmlns:cinclude="http://apache.org/cocoon/include/1.0" xmlns:zs="http://www.loc.gov/zing/srw/">
  <leader>00295nz  a2200121n  4500</leader>
  <controlfield tag="001">nr2003028513</controlfield>
  <controlfield tag="003">DLC</controlfield>
  <controlfield tag="005">20030904033121.0</controlfield>
  <controlfield tag="008">030902n| acannaabn          |n aaa     c</controlfield>
  <datafield tag="010" ind1=" " ind2=" ">
    <subfield code="a">nr2003028513</subfield>
  </datafield>
  <datafield tag="040" ind1=" " ind2=" ">
    <subfield code="a">UPB</subfield>
    <subfield code="b">eng</subfield>
    <subfield code="c">UPB</subfield>
  </datafield>
  <datafield tag="100" ind1="1" ind2=" ">
    <subfield code="a">Card, Orson Scott.</subfield>
    <subfield code="t">Atlantis.</subfield>
    <subfield code="l">Italian</subfield>
  </datafield>
  <datafield tag="670" ind1=" " ind2=" ">
    <subfield code="a">Atlantis, c2003</subfield>
  </datafield>
</record>